% Encoding: UTF-8

@Book{battistutti2005metodologia,
  author    = {Battistutti, Osvaldo},
  publisher = {Alfaomega},
  title     = {Metodología de la programación : algoritmos, diagramas de flujo y programas},
  year      = {2005},
  address   = {México},
  isbn      = {970151100X},
  url       = {https://www.gonvill.com.mx/libro/metodologia-de-la-programacion-3ed-_07106652},
}

@Comment{jabref-meta: databaseType:bibtex;}
