@Book{russell2004inteligencia,
 author = {Russell, Stuart},
 title = {Inteligencia artificial : un enfoque moderno},
 publisher = {Pearson Prentice Hall},
 year = {2004},
 address = {Madrid},
 isbn = {9788420540030}
 }
